@article{levy1935methode,
  title={La M{\'e}thode de Rep{\`e}re Mobile, La Th{\'e}orie des Groupes Continus, et Les Espaces G{\'e}n{\'e}ralis{\'e}s. By Elie Cartan.(Actualit{\'e}s Scientifiques et Industrielles, No. 194.) Paris, Hermann, 1935. 65 pp. In this booklet based on a series of lectures delivered in Moscow in 1930, Cartan develops some of the ideas of modern differential geometry from the},
  author={Levy, Harry},
  year={1935}
}

@article{piuzephd,
  title={The Geometry of Cardiac Myofibers},
  author={Emmanuel Piuze},
  year={2014},
  volume={PhD's thesis}
}

@article{savadjiev2012heart,
  title={Heart wall myofibers are arranged in minimal surfaces to optimize organ function},
  author={Savadjiev, Peter and Strijkers, Gustav J and Bakermans, Adrianus J and Piuze, Emmanuel and Zucker, Steven W and Siddiqi, Kaleem},
  journal={Proceedings of the National Academy of Sciences},
  volume={109},
  number={24},
  pages={9248--9253},
  year={2012},
  publisher={National Acad Sciences}
}

@article{blair1978generalization,
  title={A generalization of the helicoid},
  author={Blair, DE and Vanstone, JR},
  journal={Minimal submanifolds and geodesics},
  pages={13--16},
  year={1978},
  publisher={Kaigai Publ. Tokyo}
}

@ARTICLE{pami2015, 
author={E. Piuze and J. Sporring and K. Siddiqi}, 
journal={IEEE Transactions on Pattern Analysis and Machine Intelligence}, 
title={Maurer-Cartan Forms for Fields on Surfaces: Application to Heart Fiber Geometry}, 
year={2015}, 
volume={37}, 
number={12}, 
pages={2492-2504}, 
keywords={biomedical MRI;geometry;matrix algebra;medical image processing;statistical analysis;Maurer-Cartan matrix;diffusion magnetic resonance imaging;direct local measurements;heart fiber geometry;local neighborhoods;muscle fiber orientation;statistical analysis;Approximation methods;Differential geometry;Geometry;Numerical models;Transmission line matrix methods;Differential Geometry;Differential geometry;Diffusion MRI;Heart Wall Myofibers;Maurer-Cartan Form;Maurer-Cartan form;Moving Frames;diffusion MRI;heart wall myofibers;moving frames}, 
doi={10.1109/TPAMI.2015.2408352}, 
ISSN={0162-8828}, 
month={Dec},}

@article{sinusas2008multimodality,
  title={Multimodality cardiovascular molecular imaging, part I},
  author={Sinusas, Albert J and Bengel, Frank and Nahrendorf, Matthias and Epstein, Frederick H and Wu, Joseph C and Villanueva, Flordeliza S and Fayad, Zahi A and Gropler, Robert J},
  journal={Circulation: Cardiovascular Imaging},
  volume={1},
  number={3},
  pages={244--256},
  year={2008},
  publisher={Am Heart Assoc}
}

@article{shaw2010cardiovascular,
  title={Cardiovascular imaging research at the crossroads},
  author={Shaw, Leslee J and Min, James K and Hachamovitch, Rory and Peterson, Eric D and Hendel, Robert C and Woodard, Pamela K and Berman, Daniel S and Douglas, Pamela S},
  journal={JACC: Cardiovascular Imaging},
  volume={3},
  number={3},
  pages={316--324},
  year={2010},
  publisher={Journal of the American College of Cardiology}
}

@article{mozaffarian2015heart,
  title={Heart Disease and Stroke Statisticsâ€”2016 Update A Report From the American Heart Association},
  author={Mozaffarian, Dariush and Benjamin, Emelia J and Go, Alan S and Arnett, Donna K and Blaha, Michael J and Cushman, Mary and Das, Sandeep R and de Ferranti, Sarah and Despr{\'e}s, Jean-Pierre and Fullerton, Heather J and others},
  journal={Circulation},
  pages={CIR--0000000000000350},
  year={2015},
  publisher={Am Heart Assoc}
}

@article{hooks2002cardiac,
  title={Cardiac microstructure implications for electrical propagation and defibrillation in the heart},
  author={Hooks, Darren A and Tomlinson, Karl A and Marsden, Scott G and LeGrice, Ian J and Smaill, Bruce H and Pullan, Andrew J and Hunter, Peter J},
  journal={Circulation Research},
  volume={91},
  number={4},
  pages={331--338},
  year={2002},
  publisher={Am Heart Assoc}
}

@article{geerts2002characterization,
  title={Characterization of the normal cardiac myofiber field in goat measured with MR-diffusion tensor imaging},
  author={Geerts, Liesbeth and Bovendeerd, Peter and Nicolay, Klaas and Arts, Theo},
  journal={American Journal of Physiology-Heart and Circulatory Physiology},
  volume={283},
  number={1},
  pages={H139--H145},
  year={2002},
  publisher={Am Physiological Soc}
}

@article{beg2004computational,
  title={Computational cardiac anatomy using MRI},
  author={Beg, Mirza Faisal and Helm, Patrick A and McVeigh, Elliot and Miller, Michael I and Winslow, Raimond L},
  journal={Magnetic resonance in medicine},
  volume={52},
  number={5},
  pages={1167--1174},
  year={2004},
  publisher={Wiley Online Library}
}

@article{caplan2006mesenchymal,
  title={Mesenchymal stem cells as trophic mediators},
  author={Caplan, Arnold I and Dennis, James E},
  journal={Journal of cellular biochemistry},
  volume={98},
  number={5},
  pages={1076--1084},
  year={2006},
  publisher={Wiley Online Library}
}

@article{laflamme2007cardiomyocytes,
  title={Cardiomyocytes derived from human embryonic stem cells in pro-survival factors enhance function of infarcted rat hearts},
  author={Laflamme, Michael A and Chen, Kent Y and Naumova, Anna V and Muskheli, Veronica and Fugate, James A and Dupras, Sarah K and Reinecke, Hans and Xu, Chunhui and Hassanipour, Mohammad and Police, Shailaja and others},
  journal={Nature biotechnology},
  volume={25},
  number={9},
  pages={1015--1024},
  year={2007},
  publisher={Nature Publishing Group}
}

@article{laflamme2005regenerating,
  title={Regenerating the heart},
  author={Laflamme, Michael A and Murry, Charles E},
  journal={Nature biotechnology},
  volume={23},
  number={7},
  pages={845--856},
  year={2005},
  publisher={Nature Publishing Group}
}

@article{song2012heart,
  title={Heart repair by reprogramming non-myocytes with cardiac transcription factors},
  author={Song, Kunhua and Nam, Young-Jae and Luo, Xiang and Qi, Xiaoxia and Tan, Wei and Huang, Guo N and Acharya, Asha and Smith, Christopher L and Tallquist, Michelle D and Neilson, Eric G and others},
  journal={Nature},
  volume={485},
  number={7400},
  pages={599--604},
  year={2012},
  publisher={Nature Publishing Group}
}

@article{weisman1985global,
  title={Global cardiac remodeling after acute myocardial infarction: a study in the rat model},
  author={Weisman, Harlan F and Bush, David E and Mannisi, John A and Bulkley, Bernadine Healy},
  journal={Journal of the American College of Cardiology},
  volume={5},
  number={6},
  pages={1355--1362},
  year={1985},
  publisher={Elsevier}
}

@article{zimmermann2004engineered,
  title={Engineered heart tissue for regeneration of diseased hearts},
  author={Zimmermann, Wolfram-Hubertus and Melnychenko, Ivan and Eschenhagen, Thomas},
  journal={Biomaterials},
  volume={25},
  number={9},
  pages={1639--1647},
  year={2004},
  publisher={Elsevier}
}

@article{athanasuleas2004surgical,
  title={Surgical ventricular restoration in the treatment of congestive heart failure due to post-infarction ventricular dilation},
  author={Athanasuleas, Constantine L and Buckberg, Gerald D and Stanley, Alfred WH and Siler, William and Dor, Vincent and Di Donato, Marisa and Menicanti, Lorenzo and de Oliveira, Sergio Almeida and Beyersdorf, Friedhelm and Kron, Irving L and others},
  journal={Journal of the American College of Cardiology},
  volume={44},
  number={7},
  pages={1439--1445},
  year={2004},
  publisher={Am Coll Cardio Found}
}

@article{di2001effects,
  title={Effects of the Dor procedure on left ventricular dimension and shape and geometric correlates of mitral regurgitation one year after surgery},
  author={Di Donato, Marisa and Sabatier, Michel and Dor, Vincent and Gensini, Gian Franco and Toso, Anna and Maioli, Mauro and Stanley, Alfred WH and Athanasuleas, Constantine and Buckberg, Gerald},
  journal={The Journal of thoracic and cardiovascular surgery},
  volume={121},
  number={1},
  pages={91--96},
  year={2001},
  publisher={Elsevier}
}

@article{jones2009coronary,
  title={Coronary bypass surgery with or without surgical ventricular reconstruction},
  author={Jones, Robert H and Velazquez, Eric J and Michler, Robert E and Sopko, George and Oh, Jae K and O'Connor, Christopher M and Hill, James A and Menicanti, Lorenzo and Sadowski, Zygmunt and Desvigne-Nickens, Patrice and others},
  journal={New England Journal of Medicine},
  volume={360},
  number={17},
  pages={1705--1717},
  year={2009},
  publisher={Mass Medical Soc}
}

@article{sartipy2005dor,
  title={The Dor procedure for left ventricular reconstruction. Ten-year clinical experience},
  author={Sartipy, Ulrik and Alb{\aa}ge, Anders and Lindblom, Dan},
  journal={European journal of cardio-thoracic surgery},
  volume={27},
  number={6},
  pages={1005--1010},
  year={2005},
  publisher={Oxford University Press}
}

@article{pmbpop2013quantification,
  title={Quantification of fibrosis in infarcted swine hearts by ex vivo late gadolinium-enhancement and diffusion-weighted MRI methods},
  author={Pop, Mihaela and Ghugre, Nilesh R and Ramanan, Venkat and Morikawa, Lily and Stanisz, Greg and Dick, Alexander J and Wright, Graham A},
  journal={Physics in medicine and biology},
  volume={58},
  number={15},
  pages={5009},
  year={2013},
  publisher={IOP Publishing}
}

@article{mediamihaela,
  author={Mihaela Pop and
               Maxime Sermesant and
               Garry Liu and
               Jatin Relan and
               Tommaso Mansi and
               Alan Soong and
               Jean{-}Marc Peyrat and
               Michael V. Truong and
               Paul Fefer and
               Elliot R. McVeigh and
               Herve Delingette and
               Alexander Dick and
               Nicholas Ayache and
               Graham A. Wright},
  title={Construction of 3D {MR} image-based computer models of pathologic
               hearts, augmented with histology and optical fluorescence imaging
               to characterize action potential propagation},
  journal={Medical Image Analysis},
  volume={16},
  number={2},
  pages={505--523},
  year={2012},
  url={http://dx.doi.org/10.1016/j.media.2011.11.007},
  doi={10.1016/j.media.2011.11.007},
  timestamp={Mon, 06 Feb 2012 19:49:56 +0100},
  biburl={http://dblp.uni-trier.de/rec/bib/journals/mia/PopSLRMSPTFMDDAW12},
  bibsource={dblp computer science bibliography, http://dblp.org}
}

@article{wu2007mr,
  title={MR diffusion tensor imaging study of postinfarct myocardium structural remodeling in a porcine model},
  author={Wu, Ed X and Wu, Yin and Nicholls, John M and Wang, Jie and Liao, Songyan and Zhu, Shuguang and Lau, Chu-Pak and Tse, Hung-Fat},
  journal={Magnetic resonance in medicine},
  volume={58},
  number={4},
  pages={687--695},
  year={2007},
  publisher={Wiley Online Library}
}

@article{de1990ventricular,
  title={Ventricular tachyrdia in the infarcted, Langendorff-perfused human heart: Role of the arrangement of surviving cardiac fibers},
  author={de Baker, Jacques MT and Coronel, Ruben and Tasseron, Sara and Wilde, Arthur AM and Opthof, Tobias and Janse, Michiel J and van Capelle, Frans JL and Becker, Anton E and Jambroes, George},
  journal={Journal of the American College of Cardiology},
  volume={15},
  number={7},
  pages={1594--1607},
  year={1990},
  publisher={Am Coll Cardio Found}
}

@book{press2007numerical,
  title={Numerical recipes 3rd edition: The art of scientific computing},
  author={W. Press, S. Teukolsky, W. Vetterling, and B. Flannery},
  year={2007},
  publisher={Cambridge university press}
}

@article{powell2009bobyqa,
  title={The BOBYQA algorithm for bound constrained optimization without derivatives},
  author={Powell, Michael JD},
  journal={Cambridge NA Report NA2009/06, University of Cambridge, Cambridge},
  year={2009},
  publisher={Citeseer}
}

@incollection{wiest2008rician,
  title={Rician noise removal by non-local means filtering for low signal-to-noise ratio MRI: applications to DT-MRI},
  author={Wiest-Daessl{\'e}, Nicolas and Prima, Sylvain and Coup{\'e}, Pierrick and Morrissey, Sean Patrick and Barillot, Christian},
  booktitle={Medical Image Computing and Computer-Assisted Intervention--MICCAI 2008},
  pages={171--179},
  year={2008},
  publisher={Springer}
}

@article{bakermans2008,
  title={Myocardial structure and function of the healthy rat heart},
  author={H.C. van Assen, P.H.M. Bovendeerd, K. Nicolaij, A.J. Bakermans, G.J. Strijkers},
  journal={Master's Thesis},
  year={2008},
  publisher={Technische Universiteit Eindhoven}
}

@article{assemlal2011recent,
  title={Recent advances in diffusion MRI modeling: Angular and radial reconstruction},
  author={Assemlal, Haz-Edine and Tschumperl{\'e}, David and Brun, Luc and Siddiqi, Kaleem},
  journal={Medical image analysis},
  volume={15},
  number={4},
  pages={369--396},
  year={2011},
  publisher={Elsevier}
}

@article{hydrogen,
    title={Par Cf nmr â€” Travail personnel, CC BY-SA 3.0}, url={https://commons.wikimedia.org/w/index.php?curid=12313214}
}